@book{de1999philosophy,
  title={Philosophy {and} the Turn to Religion},
  author={De Vries, Hent},
  year={1999},
  publisher={JHU Press}
}
@article{johnson1980mental,
  title={Mental models in cognitive science},
  author={Johnson-Laird, Philip Nicholas},
  journal={Cognitive science},
  volume={4},
  number={1},
  pages={71--115},
  year={1980},
  publisher={Wiley Online Library}
}
@article{simon1980cognitive,
  title={Cognitive science: The newest science of the artificial},
  author={Simon, Herbert A},
  journal={Cognitive science},
  volume={4},
  number={1},
  pages={33--46},
  year={1980},
  publisher={Wiley Online Library}
}
@article{norman1980twelve,
  title={Twelve issues for cognitive science},
  author={Norman, Donald A},
  journal={Cognitive science},
  volume={4},
  number={1},
  pages={1--32},
  year={1980},
  publisher={Wiley Online Library}
}
@book{stich1983folk,
  title={From folk psychology to cognitive science: The case against belief.},
  author={Stich, Stephen P},
  year={1983},
  publisher={the MIT press}
}
